02RETORNO01COBRANCA       00000000000004466911COOPERATIVA DE SERVICOS TECNIC237BRADESCO       0204120160000000041                                                                                                                                                                                                                                                                          020412         000001
1020414679200016800000090142000169102                         0000000000000000001100000000000000000000000009020204121         00000000000000000011030412000000000020023700523  000000000025200000000000000000000000000000000000000000000000000000000000000000000000000000000000000000000000000000000                          0000000000                                                                  000002
9201237          000000010000000000020000000041          00001000000000200000000000000000000000000000000000000000000000000000000000000000000000000000000000000000000000000000000000000000000                                                                                                                                                                              00000000000000000000000         000003
